Automatically generated by Mendeley Desktop 1.10.1
Any changes to this file will be lost if it is regenerated by Mendeley.

BibTeX export options can be customized via Preferences -> BibTeX in Mendeley Desktop

@article{Sudhof2011,
author = {Sudhof, Moritz},
file = {:Volumes/vinil/Dropbox/IST/Tese/Papers/clustering/Politics\_Twitter\_information\_discovery.pdf:pdf},
journal = {stanford.edu},
pages = {67--76},
title = {{Politics, Twitter, and information discovery: Using content and link structures to cluster users based on issue framing}},
url = {http://www.stanford.edu/group/journal/cgi-bin/wordpress/wp-content/uploads/2012/09/Sudhof\_Eng\_2012.pdf},
year = {2011}
}
@article{Kim2011,
author = {Kim, Taehyun and Huerta-Canepa, Gonzalo and Park, Jongheon and Hyun, Soon J. and Lee, Dongman},
doi = {10.1109/PASSAT/SocialCom.2011.135},
file = {:Users/bersimoes/Documents/Papers/06113220.pdf:pdf},
isbn = {978-1-4577-1931-8},
journal = {2011 IEEE Third Int'l Conference on Privacy, Security, Risk and Trust and 2011 IEEE Third Int'l Conference on Social Computing},
keywords = {-component,associated with a location,crowdsourcing,in,in this paper,opportunity discovery,social network service,spontaneous clusters of users,spontaneous event,to recognize,we propose a mechanism},
month = oct,
pages = {806--809},
publisher = {Ieee},
title = {{What's Happening: Finding Spontaneous User Clusters Nearby Using Twitter}},
url = {http://ieeexplore.ieee.org/lpdocs/epic03/wrapper.htm?arnumber=6113220},
year = {2011}
}
@article{Shipper2010,
author = {Shipper, Timothy and Khan, Latifur},
doi = {10.1109/ISI.2010.5484758},
file = {:Users/bersimoes/Documents/Tese/Papers/05484758.pdf:pdf},
isbn = {978-1-4244-6444-9},
journal = {2010 IEEE International Conference on Intelligence and Security Informatics},
keywords = {-tweet mining,also,among tweets in clustering,and,classification,during,extended features,measuring the euclidean distance,the cluster impurity,the purer neighbor cluster,we try to minimize,wikipedia,will be selected},
pages = {141--143},
publisher = {Ieee},
title = {{Tweets mining using WIKIPEDIA and impurity cluster measurement}},
url = {http://ieeexplore.ieee.org/lpdocs/epic03/wrapper.htm?arnumber=5484758},
year = {2010}
}
@article{Khot,
author = {Khot, Tushar},
file = {:Volumes/vinil/Dropbox/IST/Tese/Papers/clustering/clustering\_twitter\_feeds.pdf:pdf},
pages = {2--4},
title = {{Clustering Twitter Feeds using Word Co-occurrence CS769 Project Report}}
}
