Automatically generated by Mendeley Desktop 1.10.1
Any changes to this file will be lost if it is regenerated by Mendeley.

BibTeX export options can be customized via Preferences -> BibTeX in Mendeley Desktop

@article{Qiang2010,
author = {Qiang, Xinji and Cheng, Guojian and Li, Zhen},
doi = {10.1109/ICSPS.2010.5555247},
file = {:Users/bersimoes/Documents/Papers/05555247.pdf:pdf},
isbn = {978-1-4244-6892-8},
journal = {2010 2nd International Conference on Signal Processing Systems},
keywords = {-artificial neural networks,adding neurons and connections,competitive learning,implies starting from the,incremental learning,self-organizing maps,simplest possible network and,whenever necessary to},
month = jul,
pages = {V1--804--V1--809},
publisher = {Ieee},
title = {{A survey of some classic self-organizing maps with incremental learning}},
url = {http://ieeexplore.ieee.org/lpdocs/epic03/wrapper.htm?arnumber=5555247},
year = {2010}
}
@article{Ediger2010,
author = {Ediger, David and Jiang, Karl and Riedy, Jason and Bader, David a. and Corley, Courtney},
doi = {10.1109/ICPP.2010.66},
file = {:Users/bersimoes/Documents/Tese/Papers/05599247.pdf:pdf},
isbn = {978-1-4244-7913-9},
journal = {2010 39th International Conference on Parallel Processing},
month = sep,
pages = {583--593},
publisher = {Ieee},
title = {{Massive Social Network Analysis: Mining Twitter for Social Good}},
url = {http://ieeexplore.ieee.org/lpdocs/epic03/wrapper.htm?arnumber=5599247},
year = {2010}
}
@article{Stepanyan2010,
author = {Stepanyan, Karen and Borau, Kerstin and Ullrich, Carsten},
doi = {10.1109/ICALT.2010.27},
file = {:Users/bersimoes/Documents/Tese/Papers/05571143.pdf:pdf},
isbn = {978-1-4244-7144-7},
journal = {2010 10th IEEE International Conference on Advanced Learning Technologies},
keywords = {- microblogging,carsten ullrich,collaborative learning,kerstin borau,networking,shanghai jiaotong university,social,social network analysis},
month = jul,
pages = {70--72},
publisher = {Ieee},
title = {{A Social Network Analysis Perspective on Student Interaction within the Twitter Microblogging Environment}},
url = {http://ieeexplore.ieee.org/lpdocs/epic03/wrapper.htm?arnumber=5571143},
year = {2010}
}
@article{Cheong2010,
author = {Cheong, Marc and Lee, Vincent},
doi = {10.1109/ICPR.2010.765},
file = {:Users/bersimoes/Documents/Papers/05597282.pdf:pdf},
isbn = {978-1-4244-7542-1},
journal = {2010 20th International Conference on Pattern Recognition},
keywords = {- online documents,analysis of,cluster them according to,group interaction,pattern recognition,systems and applications,topic,verbal and non-verbal communication,which contribute to a},
month = aug,
pages = {3125--3128},
publisher = {Ieee},
title = {{A Study on Detecting Patterns in Twitter Intra-topic User and Message Clustering}},
url = {http://ieeexplore.ieee.org/lpdocs/epic03/wrapper.htm?arnumber=5597282},
year = {2010}
}
@article{DeVilliers2012,
author = {de Villiers, Francois and Hoffmann, McElory and Kroon, Steve},
doi = {10.1109/SocialCom-PASSAT.2012.64},
file = {:Users/bersimoes/Documents/Papers/06406257.pdf:pdf},
isbn = {978-1-4673-5638-1},
journal = {2012 International Conference on Privacy, Security, Risk and Trust and 2012 International Confernece on Social Computing},
month = sep,
pages = {283--292},
publisher = {Ieee},
title = {{Unsupervised Construction of Topic-Based Twitter Lists}},
url = {http://ieeexplore.ieee.org/lpdocs/epic03/wrapper.htm?arnumber=6406257},
year = {2012}
}
@article{Kim2011,
author = {Kim, Taehyun and Huerta-Canepa, Gonzalo and Park, Jongheon and Hyun, Soon J. and Lee, Dongman},
doi = {10.1109/PASSAT/SocialCom.2011.135},
file = {:Users/bersimoes/Documents/Papers/06113220.pdf:pdf},
isbn = {978-1-4577-1931-8},
journal = {2011 IEEE Third Int'l Conference on Privacy, Security, Risk and Trust and 2011 IEEE Third Int'l Conference on Social Computing},
keywords = {-component,associated with a location,crowdsourcing,in,in this paper,opportunity discovery,social network service,spontaneous clusters of users,spontaneous event,to recognize,we propose a mechanism},
month = oct,
pages = {806--809},
publisher = {Ieee},
title = {{What's Happening: Finding Spontaneous User Clusters Nearby Using Twitter}},
url = {http://ieeexplore.ieee.org/lpdocs/epic03/wrapper.htm?arnumber=6113220},
year = {2011}
}
@article{Shipper2010,
author = {Shipper, Timothy and Khan, Latifur},
doi = {10.1109/ISI.2010.5484758},
file = {:Users/bersimoes/Documents/Tese/Papers/05484758.pdf:pdf},
isbn = {978-1-4244-6444-9},
journal = {2010 IEEE International Conference on Intelligence and Security Informatics},
keywords = {-tweet mining,also,among tweets in clustering,and,classification,during,extended features,measuring the euclidean distance,the cluster impurity,the purer neighbor cluster,we try to minimize,wikipedia,will be selected},
pages = {141--143},
publisher = {Ieee},
title = {{Tweets mining using WIKIPEDIA and impurity cluster measurement}},
url = {http://ieeexplore.ieee.org/lpdocs/epic03/wrapper.htm?arnumber=5484758},
year = {2010}
}
