@article{TweetStream,
author = {Steve Agalloco},
title = {{ TweetStream, simple Ruby access to Twitter's Streaming API}},
url = {https://github.com/tweetstream/tweetstream},
year = {2013}
}
@article{Twitter,
author = {Jack Dorsey, Noah Glass,Evan Williams, Biz Stone},
title = {{ Twitter}},
url = {https://twitter.com/},
year = {2006}
}
@article{multi_layer_semantics,
author = {Ichiki, H.},
title = {{ Self-organizing multilayer semantic maps}},
url = {http://ieeexplore.ieee.org/xpl/articleDetails.jsp?arnumber=155203},
year = {1991}
}

@article{multi_layer_semantics,
author = {Kemke C.,Wichert A.},
title = {{ Hierarchical self-organizing feature maps for speech recognition In: World Conference on Neural Networks WCNN’93,vol. 3. Lawrence Erlbaum, Hillsdale,pp. 45–47}},
year = {1993}
}

@article{intrusion_som,
author = {Pachghare, V.K., Kulkarni, P. , Nikam, D.M.},
title = {{ Intrusion Detection System using Self Organizing Maps}},
year = {2009}
}

@article{phonetic_typewiter,
author = {Kohonen, T.},
title = {{ The 'neural' phonetic typewriter, pages 11 - 22 }},
year = {1988}
}