Automatically generated by Mendeley Desktop 1.10.1
Any changes to this file will be lost if it is regenerated by Mendeley.

BibTeX export options can be customized via Preferences -> BibTeX in Mendeley Desktop

@article{Qiang2010,
author = {Qiang, Xinji and Cheng, Guojian and Li, Zhen},
doi = {10.1109/ICSPS.2010.5555247},
file = {:Users/bersimoes/Documents/Papers/05555247.pdf:pdf},
isbn = {978-1-4244-6892-8},
journal = {2010 2nd International Conference on Signal Processing Systems},
keywords = {-artificial neural networks,adding neurons and connections,competitive learning,implies starting from the,incremental learning,self-organizing maps,simplest possible network and,whenever necessary to},
month = jul,
pages = {V1--804--V1--809},
publisher = {Ieee},
title = {{A survey of some classic self-organizing maps with incremental learning}},
url = {http://ieeexplore.ieee.org/lpdocs/epic03/wrapper.htm?arnumber=5555247},
year = {2010}
}
@article{Cheong2010,
author = {Cheong, Marc and Lee, Vincent},
doi = {10.1109/ICPR.2010.765},
file = {:Users/bersimoes/Documents/Papers/05597282.pdf:pdf},
isbn = {978-1-4244-7542-1},
journal = {2010 20th International Conference on Pattern Recognition},
keywords = {- online documents,analysis of,cluster them according to,group interaction,pattern recognition,systems and applications,topic,verbal and non-verbal communication,which contribute to a},
month = aug,
pages = {3125--3128},
publisher = {Ieee},
title = {{A Study on Detecting Patterns in Twitter Intra-topic User and Message Clustering}},
url = {http://ieeexplore.ieee.org/lpdocs/epic03/wrapper.htm?arnumber=5597282},
year = {2010}
}
