Automatically generated by Mendeley Desktop 1.10.1
Any changes to this file will be lost if it is regenerated by Mendeley.

BibTeX export options can be customized via Preferences -> BibTeX in Mendeley Desktop

@article{DeVilliers2012,
author = {de Villiers, Francois and Hoffmann, McElory and Kroon, Steve},
doi = {10.1109/SocialCom-PASSAT.2012.64},
file = {:Users/bersimoes/Documents/Papers/06406257.pdf:pdf},
isbn = {978-1-4673-5638-1},
journal = {2012 International Conference on Privacy, Security, Risk and Trust and 2012 International Confernece on Social Computing},
month = sep,
pages = {283--292},
publisher = {Ieee},
title = {{Unsupervised Construction of Topic-Based Twitter Lists}},
url = {http://ieeexplore.ieee.org/lpdocs/epic03/wrapper.htm?arnumber=6406257},
year = {2012}
}
