Automatically generated by Mendeley Desktop 1.10.1
Any changes to this file will be lost if it is regenerated by Mendeley.

BibTeX export options can be customized via Preferences -> BibTeX in Mendeley Desktop

@article{Ediger2010,
author = {Ediger, David and Jiang, Karl and Riedy, Jason and Bader, David a. and Corley, Courtney},
doi = {10.1109/ICPP.2010.66},
file = {:Users/bersimoes/Documents/Tese/Papers/05599247.pdf:pdf},
isbn = {978-1-4244-7913-9},
journal = {2010 39th International Conference on Parallel Processing},
month = sep,
pages = {583--593},
publisher = {Ieee},
title = {{Massive Social Network Analysis: Mining Twitter for Social Good}},
url = {http://ieeexplore.ieee.org/lpdocs/epic03/wrapper.htm?arnumber=5599247},
year = {2010}
}
